@article{kohek_estimation_2017,
	title = {Estimation of {Projection} {Matrices} from a {Sparse} {Set} of {Feature} {Points} for 3D {Tree} {Reconstruction} from {Multiple} {Images}},
	volume = {5},
	number = {3},
	journal = {Periodicals of Engineering and Natural Sciences},
	author = {Kohek, {\v S}tefan and Strnad, Damjan and \v{Z}alik, Borut and Kolmani\v{c}, Simon},
	year = {2017}
}

@inproceedings{akbar2016novel,
	title={A novel framework for modeling dormant apple trees using single depth image for robotic pruning application},
	author={Akbar, Shayan A and Elfiky, Noha M and Kak, Avinash},
	booktitle={Robotics and Automation (ICRA), 2016 IEEE International Conference on},
	pages={5136--5142},
	year={2016},
	organization={IEEE}
}

@inproceedings{weber_optimizing_2000,
	title = {Optimizing the tree density in apple orchards on dwarf rootstocks},
	booktitle = {{VII} {International} {Symposium} on {Orchard} and {Plantation} {Systems} 557},
	author = {Weber, MS},
	year = {2000},
	pages = {229--234}
}

@article{robinson_vision_2013,
	title = {A vision for apple orchard systems of the future},
	volume = {21},
	number = {3},
	journal = {NY Fruit Q},
	author = {Robinson, Terence and Hoying, Steve and Sazo, Mario Miranda and DeMarree, Alison and Dominguez, Leo},
	year = {2013},
	pages = {11--16}
}

@inproceedings{davendra_flow_2009,
	title = {Flow {Shop} {Scheduling} {Using} {Clustered} {Differential} {Evolution}.},
	booktitle = {{ECMS}},
	author = {Davendra, Donald and Zelinka, Ivan and Onwubolu, Godfrey C and Hill, Richmond},
	year = {2009},
	pages = {70--76}
}

@article{wang_novel_2010,
	title = {A novel hybrid discrete differential evolution algorithm for blocking flow shop scheduling problems},
	volume = {37},
	number = {3},
	journal = {Computers \& Operations Research},
	author = {Wang, Ling and Pan, Quan-Ke and Suganthan, Ponnuthurai N and Wang, Wen-Hong and Wang, Ya-Min},
	year = {2010},
	pages = {509--520}
}

@article{pan_discrete_2008,
	title = {A discrete differential evolution algorithm for the permutation flowshop scheduling problem},
	volume = {55},
	number = {4},
	journal = {Computers \& Industrial Engineering},
	author = {Pan, Quan-Ke and Tasgetiren, Mehmet Fatih and Liang, Yun-Chia},
	year = {2008},
	pages = {795--816}
}

@article{storn_differential_1997,
	title = {Differential evolutionâ€“a simple and efficient heuristic for global optimization over continuous spaces},
	volume = {11},
	number = {4},
	journal = {Journal of global optimization},
	author = {Storn, Rainer and Price, Kenneth},
	year = {1997},
	pages = {341--359}
}

@inproceedings{palubicki_self-organizing_2009,
	title = {Self-organizing tree models for image synthesis},
	volume = {28},
	booktitle = {{ACM} {Transactions} on {Graphics} ({TOG})},
	publisher = {ACM},
	author = {Palubicki, Wojciech and Horel, Kipp and Longay, Steven and Runions, Adam and Lane, Brendan and MÄ›ch, RadomĂ­r and Prusinkiewicz, Przemyslaw},
	year = {2009},
	pages = {58}
}

@article{strnad_novel_2017,
	title = {Novel discrete differential evolution methods for virtual tree pruning optimization},
	volume = {21},
	number = {4},
	journal = {Soft Computing},
	author = {Strnad, Damjan and Kohek, \v{S}tefan},
	year = {2017},
	pages = {981--993}
}

@article{bastias_light_2012,
	title = {Light quality management in fruit orchards: physiological and technological aspects},
	volume = {72},
	number = {4},
	journal = {Chilean Journal of Agricultural Research},
	author = {Bastias, Richard M and Corelli-Grappadelli, Luca},
	year = {2012},
	pages = {574}
}

@article{simon_does_2006,
	title = {Does manipulation of fruit-tree architecture affect the development of pests and pathogens? {A} case study in an organic apple orchard},
	volume = {81},
	number = {4},
	journal = {The Journal of Horticultural Science and Biotechnology},
	author = {Simon, S and Lauri, PE and Brun, L and Defrance, H and Sauphanor, B},
	year = {2006},
	pages = {765--773}
}

@article{medeiros_modeling_2017,
	title = {Modeling dormant fruit trees for agricultural automation},
	volume = {34},
	number = {7},
	journal = {Journal of Field Robotics},
	author = {Medeiros, Henry and Kim, Donghun and Sun, Jianxin and Seshadri, Hariharan and Akbar, Shayan Ali and Elfiky, Noha M and Park, Johnny},
	year = {2017},
	pages = {1203--1224}
}

@inproceedings{elfiky_automation_2015,
	title = {Automation of dormant pruning in specialty crop production: {An} adaptive framework for automatic reconstruction and modeling of apple trees},
	booktitle = {Proceedings of the {IEEE} {Conference} on {Computer} {Vision} and {Pattern} {Recognition} {Workshops}},
	author = {Elfiky, Noha M and Akbar, Shayan A and Sun, Jianxin and Park, Johnny and Kak, Avinash},
	year = {2015},
	pages = {65--73}
}

@article{botterill_robot_2017,
	title = {A robot system for pruning grape vines},
	volume = {34},
	number = {6},
	journal = {Journal of Field Robotics},
	author = {Botterill, Tom and Paulin, Scott and Green, Richard and Williams, Samuel and Lin, Jessica and Saxton, Valerie and Mills, Steven and Chen, XiaoQi and Corbett-Davies, Sam},
	year = {2017},
	pages = {1100--1122}
}

@article{jensen_effects_1980,
	title = {Effects of mechanical pruning on grapes},
	volume = {34},
	number = {7},
	journal = {California Agriculture},
	author = {Jensen, F and Christensen, L and Beede, R and Leavitt, G and {others}},
	year = {1980},
	pages = {33--34}
}

@article{moore_mechanical_1958,
	title = {Mechanical pruning for citrus},
	journal = {California Agriculture, Nov},
	author = {Moore, Paul W},
	year = {1958},
	pages = {7--13}
}

@inproceedings{akbar_novel_2016,
	title = {A novel framework for modeling dormant apple trees using single depth image for robotic pruning application},
	booktitle = {Robotics and {Automation} ({ICRA}), 2016 {IEEE} {International} {Conference} on},
	publisher = {IEEE},
	author = {Akbar, Shayan A and Elfiky, Noha M and Kak, Avinash},
	year = {2016},
	pages = {5136--5142}
}

@article{karkee_identification_2014,
	title = {Identification of pruning branches in tall spindle apple trees for automated pruning},
	volume = {103},
	journal = {Computers and Electronics in Agriculture},
	author = {Karkee, Manoj and Adhikari, Bikram and Amatya, Suraj and Zhang, Qin},
	year = {2014},
	pages = {127--135}
}

@article{xie_tree_2016,
	title = {Tree modeling with real tree-parts examples},
	volume = {22},
	number = {12},
	journal = {IEEE transactions on visualization and computer graphics},
	author = {Xie, Ke and Yan, Feilong and Sharf, Andrei and Deussen, Oliver and Huang, Hui and Chen, Baoquan},
	year = {2016},
	pages = {2608--2618}
}

@article{zhang_data-driven_2014,
	title = {Data-driven synthetic modeling of trees},
	volume = {20},
	number = {9},
	journal = {IEEE transactions on visualization and computer graphics},
	author = {Zhang, Xiaopeng and Li, Hongjun and Dai, Mingrui and Ma, Wei and Quan, Long},
	year = {2014},
	pages = {1214--1226}
}

@inproceedings{livny_automatic_2010,
	title = {Automatic reconstruction of tree skeletal structures from point clouds},
	volume = {29},
	booktitle = {{ACM} {Transactions} on {Graphics} ({TOG})},
	publisher = {ACM},
	author = {Livny, Yotam and Yan, Feilong and Olson, Matt and Chen, Baoquan and Zhang, Hao and El-Sana, Jihad},
	year = {2010},
	pages = {151}
}

@inproceedings{prusinkiewicz_development_1988,
	title = {Development models of herbaceous plants for computer imagery purposes},
	volume = {22},
	booktitle = {{ACM} {SIGGRAPH} {Computer} {Graphics}},
	publisher = {ACM},
	author = {Prusinkiewicz, Przemyslaw and Lindenmayer, Aristid and Hanan, James},
	year = {1988},
	pages = {141--150}
}

@book{de_reffye_plant_1988,
	title = {Plant models faithful to botanical structure and development},
	volume = {22},
	number = {4},
	publisher = {ACM},
	author = {De Reffye, Phillippe and Edelin, Claude and FranĂ§on, Jean and Jaeger, Marc and Puech, Claude},
	year = {1988}
}

@article{pirk_plastic_2012,
	title = {Plastic trees: interactive self-adapting botanical tree models},
	volume = {31},
	number = {4},
	journal = {ACM Transactions on Graphics},
	author = {Pirk, Soeren and Stava, Ondrej and Kratt, Julian and Massih Said, Michel Abdul and Neubert, Boris and Mech, Randomir and Benes, Bedrich and Deussen, Oliver},
	year = {2012},
	pages = {1--10}
}

@inproceedings{stava_inverse_2014,
	title = {Inverse procedural modelling of trees},
	volume = {33},
	booktitle = {Computer {Graphics} {Forum}},
	publisher = {Wiley Online Library},
	author = {Stava, Ondrej and Pirk, Soeren and Kratt, Julian and Chen, Baoquan and M\v{e}ch, Radom\'{i}r and Deussen, Oliver and Benes, Bedrich},
	year = {2014},
	pages = {118--131}
}

@inproceedings{mech_visual_1996,
	title = {Visual models of plants interacting with their environment},
	booktitle = {Proceedings of the 23rd annual conference on {Computer} graphics and interactive techniques},
	publisher = {ACM},
	author = { M\v{e}ch, Radom\'{i}r and Prusinkiewicz, Przemyslaw},
	year = {1996},
	pages = {397--410}
}

@incollection{benes_efficient_1996,
	title = {An efficient estimation of light in simulation of plant development},
	booktitle = {Computer {Animation} and {Simulation}â€™96},
	publisher = {Springer},
	author = {Benes, Bedrich},
	year = {1996},
	pages = {153--165}
}

@incollection{benes_visual_1997,
	title = {Visual {Model} of {Plant} {Development} with {Respect} to {Influence} of {Light}},
	booktitle = {Computer {Animation} and {Simulation}â€™97},
	publisher = {Springer},
	author = {Benes, Bedrich},
	year = {1997},
	pages = {125--136}
}

@inproceedings{arvo_modeling_1988,
	title = {Modeling plants with environment-sensitive automata},
	booktitle = {In {Proceedings} of {Ausgraph}'88},
	publisher = {Citeseer},
	author = {Arvo, James and Kirk, David and {others}},
	year = {1988}
}

@inproceedings{alsweis_modeling_2005,
	title = {Modeling and visualization of symmetric and asymmetric plant competition},
	booktitle = {Eurographics},
	author = {Alsweis, Monssef and Deussen, Oliver},
	year = {2005},
	pages = {83--88}
}

@article{runions_modeling_2007,
	title = {Modeling {Trees} with a {Space} {Colonization} {Algorithm}.},
	volume = {7},
	journal = {NPH},
	author = {Runions, Adam and Lane, Brendan and Prusinkiewicz, Przemyslaw},
	year = {2007},
	pages = {63--70}
}

@article{soler_efficient_2003,
	title = {An efficient instantiation algorithm for simulating radiant energy transfer in plant models},
	volume = {22},
	number = {2},
	journal = {ACM Transactions on Graphics (TOG)},
	author = {Soler, Cyril and Sillion, Francois X and Blaise, Frederic and De{R}reffye, Philippe},
	year = {2003},
	pages = {204--233}
}

@article{kohek_eduapple:_2015,
	title = {{EduAPPLE}: {Interactive} teaching tool for apple tree crown formation},
	volume = {25},
	number = {2},
	journal = {HortTechnology},
	author = {Kohek, {\v S}tefan and Guid, Nikola and Tojnko, Stanislav and Unuk, Tatjana and Kolmani\v{c}, Simon},
	year = {2015},
	pages = {238--246}
}
